@ARTICLE{Tanzawa2011,
  author={T. {Tanzawa}},
  journal={IEEE Transactions on Circuits and Systems II: Express Briefs}, 
  title={A Switch-Resistance-Aware Dickson Charge Pump Model for Optimizing Clock Frequency}, 
  year={2011},
  volume={58},
  number={6},
  pages={336-340},
  doi={10.1109/TCSII.2011.2158166}}