@ARTICLE{Butzen2019, author={N. {Butzen} and M. {Steyaert}}, journal={IEEE Journal of Solid-State Circuits}, title={Design of Single-Topology Continuously Scalable-Conversion-Ratio Switched- Capacitor DCâ€“DC Converters}, year={2019}, volume={54}, number={4}, pages={1039-1047},}